<?xml version="1.0" encoding="UTF-8"?><collection xmlns="http://www.loc.gov/MARC21/slim"><record><leader>00495nam--2200169-i-4500</leader><controlfield tag="001">000022791</controlfield><controlfield tag="002">20161230</controlfield><controlfield tag="005">20170115234919</controlfield><controlfield tag="008">060222s1000------------r-----000-0-eng-d</controlfield><datafield ind1=" " ind2=" " tag="040"><subfield code="a">IFIN-HH</subfield></datafield><datafield ind1=" " ind2=" " tag="080"><subfield code="a">539.172</subfield></datafield><datafield ind1="1" ind2=" " tag="100"><subfield code="a">Hilpert, H. G</subfield></datafield><datafield ind1="1" ind2="0" tag="245"><subfield code="a">Photoproduction of negative pions on neutrons at photon energies between 0.2 and 2.0 gev</subfield><subfield code="b">Collaboration</subfield><subfield code="c">H.G. Hilpert</subfield></datafield><datafield ind1=" " ind2=" " tag="260"><subfield code="a">Aachen</subfield><subfield code="b">/F.Ed.</subfield><subfield code="c">s. a</subfield></datafield><datafield ind1=" " ind2=" " tag="300"><subfield code="a">13 p.+ 6 FIG</subfield></datafield><datafield ind1=" " ind2=" " tag="852"><subfield code="a">29785</subfield><subfield code="c">539.17</subfield></datafield><datafield ind1=" " ind2=" " tag="CAT"><subfield code="a">SYS</subfield><subfield code="c">20170115</subfield><subfield code="h">234919</subfield></datafield></record></collection>